<?xml version="1.0" encoding="UTF-8"?><collection xmlns="http://www.loc.gov/MARC21/slim"><record><leader>00390nam--2200145-i-4500</leader><controlfield tag="001">000019467</controlfield><controlfield tag="002">20161230</controlfield><controlfield tag="005">20161230201033</controlfield><controlfield tag="008">060222s1000------------r-----000-0-eng-d</controlfield><datafield ind1=" " ind2=" " tag="080"><subfield code="a">530.1:539-12</subfield></datafield><datafield ind1=" " ind2=" " tag="100"><subfield code="a">Emmerson, J.Mcl</subfield></datafield><datafield ind1=" " ind2=" " tag="245"><subfield code="a">Symetry principles in particle physics</subfield></datafield><datafield ind1=" " ind2=" " tag="260"><subfield code="a">Oxford, Clarendon Press, 1972. 184 P</subfield></datafield><datafield ind1=" " ind2=" " tag="490"><subfield code="a">Oxford Studies In Nuclear Physics</subfield></datafield><datafield ind1=" " ind2=" " tag="852"><subfield code="a">38526</subfield></datafield></record></collection>